@article{gao2019,
	title={Deep inverse rendering for high-resolution svbrdf estimation from an arbitrary number of images},
	author={Gao, Duan and Li, Xiao and Dong, Yue and Peers, Pieter and Xu, Kun and Tong, Xin},
	journal={ACM Transactions on Graphics (TOG)},
	volume={38},
	number={4},
	pages={1--15},
	year={2019},
	publisher={ACM New York, NY, USA}
}

@inproceedings{karras2020,
	title={Analyzing and improving the image quality of stylegan},
	author={Karras, Tero and Laine, Samuli and Aittala, Miika and Hellsten, Janne and Lehtinen, Jaakko and Aila, Timo},
	booktitle={Proceedings of the IEEE/CVF Conference on Computer Vision and Pattern Recognition},
	pages={8110--8119},
	year={2020}
}